@book{lamport1994latex,
  title={LaTeX: A Document Preparation System},
  author={Lamport, Leslie},
  year={1994},
  publisher={Addison-Wesley}
}

@article{knuth1984tex,
  title={The TeXbook},
  author={Knuth, Donald E},
  year={1984},
  journal={Addison-Wesley}
}
